% Encoding: UTF-8

@misc{ESRI,
  author = {ESRI},
  title = {{ESRI Homepage}},
  howpublished = "\href{https://www.esri.com/en-us/home}{https://www.esri.com/en-us/home}",
  year = {2019},
  note = "[Online; accessed 10.10.2019]"
}

@Comment{jabref-meta: databaseType:bibtex;}
